@book{miettinen:1999:MO,
author={Miettinen, K.},
title={Nonlinear Multiobjective Optimization},
series={International Series in Operations Research and Management Science},
volume=12,
publisher={Kluwer Academic Publishers, Dordrecht},
year=1999
}


@Book{ deb:2001,
	title = "{Multi-objective optimization using evolutionary algorithms}",
	author = "K. Deb",
	publisher = "Wiley",
	year = 2001
}

@Article{Hrstka:2004:AES,
  author =   {Hrstka, O. and  Ku\v{c}erov\'{a}, A.},
  title =    {Improvements of real coded genetic algorithms based
                  on differential operators preventing the
                  premature convergence},
  journal =      {Advances in Engineering Software},
  year =     {2004},
  volume =   {35},
  number =   {3--4},
  pages =    {237--246},
  month =    {March},
  annote =   {ISSN: 0965-9978}
}

@PhdThesis{Kucerova:2007:PHD,
  author =   {Ku\v{c}erov\'a, A.},
  title =   {Identification of nonlinear mechanical model parameters based on softcomputing methods},
  school =   {Ecole Normale Sup\'erieure de Cachan, Laboratoire de M\'ecanique et Technologie},
  year =   2007
}

@Article{Ibrahimbegovic:2004,
  author =   {A. Ibrahimbegovi\'c and C. Knopf-Lenoir and
                  A. Ku\v{c}erov\'a and P. Villon},
  title =    {Optimal design and optimal control of
                  structures undergoing finite rotations and elastic deformations},
  journal =      {International Journal for Numerical Methods in
                  Engineering},
  year =     {2004},
  volume =       {61},
  number =       {14},
  pages =        {2428--2460}
}

@ARTICLE{Kuraz:2010:JCAM,
  AUTHOR =       {Kur\'a\v{z}, M. and Mayer, P. and Lep\v{s}, M. and Trpko\v{s}ov\'a, D.},
  TITLE =        {An adaptive time discretization of the classical and the dual porosity model of {R}ichards' equation},
  JOURNAL =      {Journal of Computational and Applied Mathematics},
  YEAR =         {2010},
  volume =       {233},
  pages =        {3167--3177},
  note =         {ISSN: 0377-0427},
  source =       {doi:10.1016/j.cam.2009.11.056},
}
M. Lep², Parallel multi-objective identification of material parameters for concrete, in: Proceedings of the Ninth International Conference on the
Application of Artificial Intelligence to Civil, Structural and Environmental Engineering, Stirling: Civil-Comp Press Ltd, 2007.

@INPROCEEDINGS{Leps:2007,
  AUTHOR =       {Lep\v{s}, M.},
  TITLE =        {Parallel multi-objective identification of material parameters for concrete},
  BOOKTITLE =    {Proceedings of the Ninth International Conference on the
Application of Artificial Intelligence to Civil, Structural and Environmental Engineering, Stirling: Civil-Comp Press Ltd},
  YEAR =         {2007}
}

@PHDTHESIS{vitingerova:2010,
  AUTHOR =       {Z. Vitingerov\'a},
  TITLE =        {Evolutionary Algorithms for Multi-Objective Parameter Estimation},
  SCHOOL =       {CTU in Prague, Fac. of Civil Eng.},
  YEAR =         {2010},
}
